@misc{ wiki:swap-chain,
    author = "Wikipedia contributors",
    title = "Swap Chain --- Wikipedia{,} The Free Encyclopedia",
    year = "2015",
    url = "https://en.wikipedia.org/w/index.php?title=Swap_Chain&oldid=689198445",
    note = "[Online; accessed 13-January-2018]"
  }